%@inproceedings{confbib1,
%	author = {Фамилия, И. О.},
%	title = {название тезисов конференции},
%	booktitle = {Название сборника},
%	year = {2015},
%	language = {russian},
%	authorconf = {true},
%}
%
%@CONFERENCE{confbib2,
%	author = {Фамилия, И. О.},
%	title = {название тезисов конференции},
%	booktitle = {Название сборника},
%	year = {2015},
%	language = {russian},
%	authorconf = {true},
%}
%
%@ARTICLE{bib1,
%	author = {Фамилия, И. О.},
%	title = {Название статьи},
%	journal = {Журнал},
%	year = {2012},
%	volume = {1},
%	pages = {100},
%	language = {russian},
%	authorother = {true},
%	authorconf = {true},
%}
%
%@CONFERENCE{bib2,
%	author = {Фамилия, И. О.},
%	title = {название тезисов конференции},
%	booktitle = {Название сборника},
%	year = {2012},
%	language = {russian},
%	authorconf = {true},
%}
%
%@ARTICLE{scbib1,
%	author = {Фамилия, И. О. and Фамилия2, И. О. and Фамилия3, И. О.},
%	title = {Название статьи},
%	journal = {Журнал},
%	year = {2018},
%	volume = {2},
%	number = {1},
%	pages = {99--102},
%	language = {russian},
%	authorscopus = {true},
%	authorwos = {true},
%	addendum = {(Scopus, WoS)},
%}
%
%@ARTICLE{vakbib1,
%	author = {Фамилия, И. О. and Фамилия2, И. О. and Фамилия3, И. О.},
%	addendum = {(0,28~п.~л.; ВАК, WoS)},
%	title = {Название статьи},
%	journal = {Журнал},
%	year = {2013},
%	volume = {1},
%	number = {5},
%	pages = {100--120},
%	language = {russian},
%	authorvak = {true},
%	authorwos = {true},
%}
%
%@ARTICLE{vakbib2,
%	author = {Фамилия, И. О. and Фамилия2, И. О. and Фамилия3, И. О. and Фамилия4, И. О.},
%	addendum = {(0,33~п.~л.~/ 0,28~п.~л.; ВАК)},
%	title = {Название статьи},
%	journal = {Журнал},
%	year = {2014},
%	volume = {1},
%	number = {5},
%	pages = {100--120},
%	language = {russian},
%	authorvak = {true},
%}
%
%@ARTICLE{wosbib1,
%	author = {Фамилия, И. О. and Фамилия2, И. О. and Фамилия3, И. О.},
%	addendum = {(0,21~п.~л., WoS)},
%	title = {Название статьи},
%	journal = {Журнал},
%	year = {2011},
%	volume = {1},
%	number = {8},
%	pages = {105--120},
%	language = {russian},
%	authorwos = {true},
%}

@ARTICLE{nikulin2023spektr611484954,
    author = {Никулин, Михаил Александрович},
    title = {Спектр оператора Шрёдингера в накрытии эллиптического кольца},
    journal = {Вестник Московского университета. Серия 1: Математика. Механика},
    year = {2023},
    number = {5},
    issn = {0579-9368},
    doi = {10.55959/msu0579-9368-1-64-5-4},
    pages = {22--32},
    publisher = {Изд-во Моск. ун-та},
    address = {М.},
        language = {russian},
    note = {; англ. пер.: M. A. Nikulin, Spectrum of Schrödinger operator in covering of elliptic ring, Moscow University Mathematics Bulletin \textbf{78} (2023), №5, 230--243.},
	authorvak = {true}
}

@ARTICLE{nikulin2024asymptotic617844539,
    author = {Nikulin, M. A. and Popelensky, Th Yu and Shafarevich, A. I.},
    title = {Asymptotic behaviour of energy levels of a quantum free particle in an elliptic sector},
    journal = {Physica Scripta},
    year = {2024},
    volume = {99},
    number = {1},
    issn = {0281-1847; 1402-4896; 0031-8949},
    doi = {10.1088/1402-4896/ad0f80},
    pages = {015207},
    publisher = {Royal Swedish Academy of Sciences},
    address = {Sweden},
        language = {english},
    	authorscopus = {true}
}

@ARTICLE{vestnikLatest,
	author = {М.~А.~Никулин},
	title = {Эллиптический бильярд с косинусным законом преломления на софокусных квадриках.},
	journal = {Вестн. Моск. ун-та. Сер.~1. Матем., мех.},
	year = {2025 \fixme{[Принята к печати]}},
	language = {russian},
	authorwos = {true},
	doi={10.55959/MSU0579-9368-1-66-2-3}
}

@ARTICLE{sbornikLatest,
	author = {М.~А.~Никулин, Ф.~Ю.~Попеленский},
	title = {Поверхности уровня интеграла для системы бильярд с косинусным преломлением},
	journal = {Матем. сб.},
	year = {2025 \fixme{[принята к публикации]}},
	language = {russian},
	authorwos = {true}
}
