@article{bm2022,
  title={The Birkhoff-Poritsky conjecture for centrally-symmetric billiard tables},
  author={Bialy, Misha and Mironov, Andrey E},
  journal={Annals of Mathematics},
  volume={196},
  number={1},
  pages={389--413},
  year={2022},
  publisher={Department of Mathematics, Princeton University Princeton, New Jersey, USA}
}


@article{bm2019,
  title={Polynomial non-integrability of magnetic billiards on the sphere and the hyperbolic plane},
  author={Bialy, M and Mironov, Andrei Evgen'evich},
  journal={Russian Mathematical Surveys},
  volume={74},
  number={2},
  pages={187},
  year={2019},
  publisher={IOP Publishing}
}

@article{bm2020,
  title={Magnetic billiards: non-integrability for strong magnetic field; Gutkin type examples},
  author={Bialy, Misha and Mironov, Andrey E and Shalom, Lior},
  journal={Journal of Geometry and Physics},
  volume={154},
  pages={103716},
  year={2020},
  publisher={Elsevier}
}

@misc{stockmann2000,
  title={Quantum Chaos: An Introduction},
  author={St{\"o}ckmann, H.J.},
  isbn={9780521592840},
  lccn={98045454},
  series={Cambridge nonlinear science series},
  url={https://books.google.ru/books?id=_7l-YeNORnUC},
  year={1999},
  publisher={Cambridge University Press}
}


@article{berry1985,
  title={Classical billiards in magnetic fields},
  author={Robnik, Marko and Berry, Michael Victor},
  journal={Journal of Physics A: Mathematical and General},
  volume={18},
  number={9},
  pages={1361},
  year={1985},
  publisher={IOP Publishing}
}


@article{berry1986,
  title={Statistics of energy levels without time-reversal symmetry: Aharonov-Bohm chaotic billiards},
  author={Berry, Michael V and Robnik, Marko},
  journal={Journal of Physics A: Mathematical and General},
  volume={19},
  number={5},
  pages={649},
  year={1986},
  publisher={IOP Publishing}
}

@article{bunimovich1974,
  title={On ergodic properties of certain billiards},
  author={Bunimovich, Leonid A},
  journal={Functional Analysis and Its Applications},
  volume={8},
  number={3},
  pages={254--255},
  year={1974},
  publisher={Springer}
}

%\bibitem{wref3}
@article{wref3,
  title={On the roots of the Bessel and certain related functions},
  author={McMahon, James},
  journal={Annals of Mathematics},
  volume={9},
  number={1/6},
  pages={23--30},
  year={1894},
  publisher={JSTOR}
}

%\bibitem{wref5}
@misc{wref5,
       key="{\relax DLMF}",
       title="\textit{NIST Digital Library of Mathematical Functions}",
howpublished="\url{https://dlmf.nist.gov/}, Release 1.1.9 of 2023-03-15",
       url="https://dlmf.nist.gov/28",
       note="F.~W.~J. Olver, A.~B. {Olde Daalhuis}, D.~W. Lozier, B.~I. Schneider, R.~F. Boisvert, C.~W. Clark, B.~R. Miller, B.~V. Saunders, H.~S. Cohl, and M.~A. McClain, eds."}



%\bibitem{wref6}
@article{wref6,
  title={Description of singularities for billiard systems bounded by confocal ellipses or hyperbolas},
  author={Fokicheva, Victoriya Victorovna},
  journal={Moscow University Mathematics Bulletin},
  volume={69},
  number={4},
  pages={148--158},
  year={2014},
  publisher={Springer}
}

%\bibitem{wref7}
@article{wref7,
  title={A topological classification of billiards in locally planar domains bounded by arcs of confocal quadrics},
  author={Fokicheva, Victoriya Victorovna},
  journal={Sbornik: Mathematics},
  volume={206},
  number={10},
  pages={1463},
  year={2015},
  publisher={IOP Publishing}
}

%\bibitem{wref8}
@article{wref8,
  title={Integrable geodesic flows on orientable two-dimensional surfaces and topological billiards},
  author={Vedyushkina, Viktoriya Viktorovna and Fomenko, Anatoly Timofeevich},
  journal={Izvestiya: Mathematics},
  volume={83},
  number={6},
  pages={1137},
  year={2019},
  publisher={IOP Publishing}
}

%\bibitem{wref10}
@article{wref10,
  title={Eigenvalues of the Laplacian in two dimensions},
  author={Kuttler, James R and Sigillito, Vincent G},
  journal={Siam Review},
  volume={26},
  number={2},
  pages={163--193},
  year={1984},
  publisher={SIAM}
}

%\bibitem{wref12} 
@book{wref12,
  title={Mathieu sche Funktionen},
  author={Meixner, Josef and Sch{\"a}fke, Friedrich Wilhelm and Meixner, Josef and Sch{\"a}fke, Friedrich Wilhelm},
  year={1954},
  pages={98--221},
  publisher={Springer}

}

%\bibitem{wref13}
@article{wref13,
  title={Quantum and classical solutions for a free particle in wedge billiards},
  author={G{\'o}ngora-T, A and Jos{\'e}, Jorge V and Schaffner, S and Tiesinga, PHE},
  journal={Physics Letters A},
  volume={274},
  number={3-4},
  pages={117--122},
  year={2000},
  publisher={Elsevier}
}



@book{reed1980methods,
  title={Methods of modern mathematical physics: Functional analysis},
  author={Reed, Michael and Simon, Barry},
  volume={1},
  year={1980},
  publisher={Gulf Professional Publishing}
}

@book{kato2013perturbation,
  title={Perturbation theory for linear operators},
  author={Kato, Tosio},
  volume={132},
  year={2013},
  publisher={Springer Science \& Business Media}
}

@article{Jakovlev_1967,
  title={Traces of Functions in the Space on Piecewise Smooth Surfaces},
  author={Jakovlev, GN},
  journal={Mathematics of the USSR-Sbornik},
  volume={3},
  number={4},
  pages={481},
  year={1967},
  publisher={IOP Publishing}
  }


@article{Bol90,
  title={Интегрируемые бильярды Биркгофа},
  author={Болотин, Сергей Владимирович},
  journal={Вестник Московского университета. Серия 1: Математика. Механика},
  number={2},
  pages={33--36},
  year={1990},
  publisher={Московский государственный университет имени МВ Ломоносова}
}


@article{bm2024,
  title={On differential equations of integrable billiard tables},
  author={Dragovi{\'c}, Vladimir and Mironov, Andrey E},
  journal={Acta Mathematica Sinica, English Series},
  volume={40},
  number={1},
  pages={417--424},
  year={2024},
  publisher={Springer}
}

@article{Fok15,
  title={Топологическая классификация биллиардов в локально плоских областях, ограниченных дугами софокусных квадрик},
  author={Фокичева, Виктория Викторовна},
  journal={Математический сборник},
  volume={206},
  number={10},
  pages={127--176},
  year={2015},
  publisher={Российская академия наук, Математический институт им. ВА Стеклова Российской~…}
}

%@article{1,
%  title={Биллиарды и интегрируемые системы},
%  author={Фоменко, Анатолий Тимофеевич and Ведюшкина, Виктория Викторовна},
%  journal={Успехи математических наук},
%  volume={78},
%  number={5 (473},
%  pages={93--176},
%  year={2023},
%  publisher={Российская академия наук, Математический институт им. ВА Стеклова Российской~…}
%}

 @article{fv2023,
  title={Billiards and integrable systems},
  author={Fomenko, Anatoly Timofeevich and Vedyushkina, Viktoriya Viktorovna},
  journal={Uspekhi Matematicheskikh Nauk},
  volume={78},
  number={5},
  pages={93--176},
  year={2023},
  publisher={Russian Academy of Sciences, Steklov Mathematical Institute of Russian~…}
}


@article{zbMATH06661562,
  title={Algebraic non-integrability of magnetic billiards},
  author={Bialy, Misha and Mironov, Andrey E},
  journal={Journal of Physics A: Mathematical and Theoretical},
  volume={49},
  number={45},
  pages={455101},
  year={2016},
  publisher={IOP Publishing}
}


@article{DraGasRad22,
  title={Billiard ordered games and books},
  author={Dragovi{\'c}, Vladimir and Gasiorek, Sean and Radnovi{\'c}, Milena},
  journal={Regular and Chaotic Dynamics},
  volume={27},
  number={2},
  pages={132--150},
  year={2022},
  publisher={Springer}
}

@article{wire,
  title={Wire billiards, the first steps},
  author={Bialy, Misha and Mironov, Andrey E and Tabachnikov, Serge},
  journal={Advances in Mathematics},
  volume={368},
  pages={107154},
  year={2020},
  publisher={Elsevier}
}


@article{Dra1,
title = {Integrable perturbations of a Birkhoff billiard inside an ellipse},
journal = {Journal of Applied Mathematics and Mechanics},
volume = {62},
number = {1},
pages = {159-162},
year = {1998},
issn = {0021-8928},
doi = {https://doi.org/10.1016/S0021-8928(98)00018-5},
url = {https://www.sciencedirect.com/science/article/pii/S0021892898000185},
author = {V.I. Dragovich},
}

@article{Dra4,
  title={The Appell hypergeometric functions and classical separable mechanical systems},
  author={Dragovic, Vladimir},
  journal={Journal of Physics A: Mathematical and General},
  volume={35},
  number={9},
  pages={2213},
  year={2002},
  publisher={IOP Publishing}
}


@article{Kozlov,
  title={Some integrable extensions of Jacobi's Problem of geodesics on an ellipsoid},
  author={Kozlov, VV},
  journal={Journal of Applied Mathematics and Mechanics},
  volume={59},
  number={1},
  pages={1--7},
  year={1995},
  publisher={Elsevier}
}

%\bibitem{wref11}
@book{wref11,
  title={The theory of sound},
  author={Rayleigh, John William Strutt Baron},
  volume={2},
  year={1896},
  publisher={Macmillan}
}

@book{mclachlan,
  title={Theory and application of Mathieu functions},
  author={McLachlan, Norman William},
  year={1947},
  publisher={Clarendon Press, Oxford}
}

@book{lame1852leccons,
  title={Le{\c{c}}ons sur la th{\'e}orie math{\'e}matique de l'{\'e}lasticit{\'e} des corps solides},
  author={Lam{\'e}, Gabriel},
  year={1852},
  publisher={Bachelier}
}

@book{wref2,
  title={Handbook of mathematical functions with formulas, graphs, and mathematical tables},
  author={Abramowitz, Milton and Stegun, Irene A},
  volume={55},
  year={1968},
  publisher={US Government printing office}
}

@book{rellich1969perturbation,
  title={Perturbation theory of eigenvalue problems},
  author={Rellich, Franz},
  year={1969},
  publisher={CRC Press}
}

@article{FomVed23,
  title={Биллиарды и~интегрируемые системы},
  author={А.~Т.~Фоменко, В.~В.~Ведюшкина},
  journal={УМН},
  volume={78},
  number={5 (473)},
  pages={93--176},
  year={2023},
  publisher={Российская академия наук, Математический институт им. ВА Стеклова Российской~…}
}

@article{DraRad15,
author={В.~Драгович, М.~Раднович},
title={Топологические инварианты эллиптических биллиардов и геодезических потоков эллипсоидов в~пространстве Минковского},
journal={Фундамент. и прикл. матем.},
year={2015},
volume={20},
number={2},
pages={51--64}
}

@article{Kar19,
author={Е.~Е.~Каргинова},
title={Слоение Лиувилля топологических биллиардов на плоскости Минковского},
journal={Фундамент. и прикл. матем.},
year={2019},
volume={22},
number={6},
pages={123--150}
}

@article{Kar20,
author={Е.~Е.~Каргинова},
title={Биллиарды, ограниченные дугами софокусных квадрик на плоскости Минковского},
journal={Матем. сб.},
year={2020},
volume={211},
number={1},
pages={3--31}
}

@article{VedSkv22,
author={В.~В.~Ведюшкина, А.~И.~Скворцов},
title={Топология интегрируемого бильярда в эллипсе на плоскости Минковского с гуковским потенциалом},
journal={Вестн. Моск. ун-та. Сер.~1. Матем., мех.},
year={2022},
number={1},
pages={8--19}
}

@article{zbMATH06376857,
 author = {Dragovi{\'c}, Vladimir and Radnovi{\'c}, Milena},
 title = {Pseudo-integrable billiards and arithmetic dynamics},
 fjournal = {Journal of Modern Dynamics},
 journal = {J. Mod. Dyn.},
 issn = {1930-5311},
 volume = {8},
 number = {1},
 pages = {109--132},
 year = {2014},
 language = {English},
 doi = {10.3934/jmd.2014.8.109},
 keywords = {37D50,37J35,37A05,28D05},
 zbMATH = {6376857},
 Zbl = {1351.37160}
}

@article{DraRad151,
author={В.~И.~Драгович, М.~Раднович},
title={Псевдоинтегрируемые биллиарды и решетки двойных отражений},
journal={УМН},
year={2015},
volume={70},
number={1(421)},
pages={3--34}
}

@article{zbMATH06467543,
 author = {Dragovi{\'c}, Vladimir and Radnovi{\'c}, Milena},
 title = {Periods of pseudo-integrable billiards},
 fjournal = {Arnold Mathematical Journal},
 journal = {Arnold Math. J.},
 issn = {2199-6792},
 volume = {1},
 number = {1},
 pages = {69--73},
 year = {2015},
 language = {English},
 doi = {10.1007/s40598-014-0004-0},
 keywords = {37D50,37E45,37C27},
 zbMATH = {6467543},
 Zbl = {1371.37070}
}

@article{Mos18,
author={В.~А.~Москвин},
title={Топология слоений Лиувилля интегрируемого бильярда в невыпуклых областях},
journal={Вестн. Моск. ун-та. Сер.~1. Матем., мех.},
year={2018},
number={3},
pages={21--29}
}

@article{Mos20,
author={В.~А.~Москвин},
title={Алгоритмическое построение двумерных особых слоев атомов бильярдов в невыпуклых областях},
journal={Вестн. Моск. ун-та. Сер.~1. Матем., мех.},
year={2020},
number={3},
pages={3--12}
}

@article{zbMATH07344445,
 author = {Fomenko, A. T. and Vedyushkina, V. V. and Zav'yalov, V. N.},
 title = {Liouville foliations of topological billiards with slipping},
 fjournal = {Russian Journal of Mathematical Physics},
 journal = {Russ. J. Math. Phys.},
 issn = {1061-9208},
 volume = {28},
 number = {1},
 pages = {37--55},
 year = {2021},
 language = {English},
 doi = {10.1134/S1061920821010052},
 keywords = {37J35,37J39,37C83},
 zbMATH = {7344445},
 Zbl = {1469.37045}
}

@article{FomVed22,
 author = {А.~Т.~Фоменко, В.~В.~Ведюшкина},
 title = {Эволюционные силовые биллиарды},
 journal = {Изв. РАН. Сер. матем.},
 volume = {86},
 number = {5},
 pages = {116--156},
 year = {2022}
}

@article{VedFom19,
 author = {В.~В.~Ведюшкина (Фокичева), А.~Т.~Фоменко},
 title = {Интегрируемые геодезические потоки на ориентируемых двумерных поверхностях и топологические биллиарды},
 journal = {Изв. РАН. Сер. матем.},
 volume = {83},
 number = {6},
 pages = {63--103},
 year = {2019}
}
